@article{DBLP:journals/corr/abs-1907-00503,
  author       = {Lei Xu and
                  Maria Skoularidou and
                  Alfredo Cuesta{-}Infante and
                  Kalyan Veeramachaneni},
  title        = {Modeling Tabular data using Conditional {GAN}},
  journal      = {CoRR},
  volume       = {abs/1907.00503},
  year         = {2019},
  url          = {http://arxiv.org/abs/1907.00503},
  eprinttype    = {arXiv},
  eprint       = {1907.00503},
  timestamp    = {Tue, 16 Mar 2021 11:58:27 +0100},
  biburl       = {https://dblp.org/rec/journals/corr/abs-1907-00503.bib},
  bibsource    = {dblp computer science bibliography, https://dblp.org}
}

@misc{decristofaro2024syntheticdatamethodsuse,
      title={Synthetic Data: Methods, Use Cases, and Risks},
      author={Emiliano De Cristofaro},
      year={2024},
      eprint={2303.01230},
      archivePrefix={arXiv},
      primaryClass={cs.CR},
      url={https://arxiv.org/abs/2303.01230},
}

@misc{
    sdv
    , title = {The Synthetic Data Vault Project}
    , author = {sdv{-}dev}
    , year = {2025}
    , url = {https://github.com/sdv-dev}
}

@misc{
    ipeds
    , title = {IPEDS: Integrated Postsecondary Education Data System}
    , author = {U.S. Department of Education National Center for Education Statistics}
    , year = {1992}
    , url = {https://nces.ed.gov/ipeds}
}

@online{
    insidehighereddemographiccliff
    , title={A Long Way Down the Demographic Cliff}
    , author={Liam Knox}
    , date={2024-12-11}
    , year={2024}
    , url={https://www.insidehighered.com/news/admissions/traditional-age/2024/12/11/college-age-demographics-begin-steady-projected-decline}
    , urldate={2025-01-30}
    , organization={Inside Higher Ed}
}

@online{
    hechingercollegeclosures
    , title={Tracking College Closures}
    , author={Marina Villeneuve and Olivia Sanchez}
    , date={2024-12-23}
    , year={2024}
    , url={https://hechingerreport.org/tracking-college-closures/}
    , urldate={2025-12-11}
    , organization={The Hechinger Report}
}


