@article{DBLP:journals/corr/abs-1907-00503,
  author       = {Lei Xu and
                  Maria Skoularidou and
                  Alfredo Cuesta{-}Infante and
                  Kalyan Veeramachaneni},
  title        = {Modeling Tabular data using Conditional {GAN}},
  journal      = {CoRR},
  volume       = {abs/1907.00503},
  year         = {2019},
  url          = {http://arxiv.org/abs/1907.00503},
  eprinttype    = {arXiv},
  eprint       = {1907.00503},
  timestamp    = {Tue, 16 Mar 2021 11:58:27 +0100},
  biburl       = {https://dblp.org/rec/journals/corr/abs-1907-00503.bib},
  bibsource    = {dblp computer science bibliography, https://dblp.org}
}

@misc{decristofaro2024syntheticdatamethodsuse,
      title={Synthetic Data: Methods, Use Cases, and Risks},
      author={Emiliano De Cristofaro},
      year={2024},
      eprint={2303.01230},
      archivePrefix={arXiv},
      primaryClass={cs.CR},
      url={https://arxiv.org/abs/2303.01230},
}

%@misc{
%    sdv
%    , title = {The Synthetic Data Vault Project}
%    , author = {sdv{-}dev}
%    , year = {2025}
%    , url = {https://github.com/sdv-dev}
%}

@inproceedings{
    sdv,
    title={The Synthetic data vault},
    author={Patki, Neha and Wedge, Roy and Veeramachaneni, Kalyan},
    booktitle={IEEE International Conference on Data Science and Advanced Analytics (DSAA)},
    year={2016},
    pages={399-410},
    doi={10.1109/DSAA.2016.49},
    month={Oct},
    url = {https://github.com/sdv-dev}
}

@misc{
    ipeds
    , title = {IPEDS: Integrated Postsecondary Education Data System}
    , author = {U.S. Department of Education National Center for Education Statistics}
    , year = {1992}
    , url = {https://nces.ed.gov/ipeds}
}

@online{
    insidehighereddemographiccliff
    , title={A Long Way Down the Demographic Cliff}
    , author={Liam Knox}
    , date={2024-12-11}
    , year={2024}
    , url={https://www.insidehighered.com/news/admissions/traditional-age/2024/12/11/college-age-demographics-begin-steady-projected-decline}
    , urldate={2025-01-30}
    , organization={Inside Higher Ed}
}

@online{
    hechingercollegeclosures
    , title={Tracking College Closures}
    , author={Marina Villeneuve and Olivia Sanchez}
    , date={2024-12-23}
    , year={2024}
    , url={https://hechingerreport.org/tracking-college-closures/}
    , urldate={2025-12-11}
    , organization={The Hechinger Report}
}

@misc{
    sdp
    , title={Strategic Data Use in Higher Education: Using Data to Improve Postsecondary Success}
    , author={Harvard Center for Education Policy Research Strategic Data Project}
    , date={2020-06-26}
    , year={2020}
    , url={https://sdp.cepr.harvard.edu/publications/strategic-data-use-higher-education-using-data-improve-postsecondary-success}
}

@article{Hassna02102023,
    author = {Ghazwan Hassna},
    title = {Big Data and Analytics to transform higher education: a value chain perspective},
    journal = {Perspectives: Policy and Practice in Higher Education},
    volume = {27},
    number = {4},
    pages = {160--168},
    year = {2023},
    publisher = {SRHE Website},
    doi = {10.1080/13603108.2022.2099475},
    URL = {https://doi.org/10.1080/13603108.2022.2099475},
    eprint = {https://doi.org/10.1080/13603108.2022.2099475}

}

@article{studentbehavioranalytics,
    author={
        Kittipong Chinsook
        and Withamon Khajonmote
        and Sununta Klintawon
        and Chaiyan Sakulthai
        and Wicha Leamsakul
        and Thada Jantakoon
    }
    , title={Big Data in Higher Education for Student Behavior Analytics (Big Data-HE-SBA System Architecture)}
    , journal={Higher Education Studies}
    , volume={12}
    , number={1}
    , pages={105--114}
    , year={2022}
    , publisher={Canadian Center of Science and Education }
    , doi={10.5539/hes.v12n1p105 }
    , issn = {1925-4741}
    , e-issn = {1925-475X}
    , URL={https://doi.org/10.5539/hes.v12n1p105}
    , eprint={https://files.eric.ed.gov/fulltext/EJ1335210.pdf}
}

@article{Okewu10112021,
    author = {
        Emmanuel Okewu
        and Phillip Adewole
        and Sanjay Misra
        and Rytis Maskeliunas
        and Robertas Damasevicius
    },
    title = {Artificial Neural Networks for Educational Data Mining in Higher Education: A Systematic Literature Review},
    journal = {Applied Artificial Intelligence},
    volume = {35},
    number = {13},
    pages = {983--1021},
    year = {2021},
    publisher = {Taylor \& Francis},
    doi = {10.1080/08839514.2021.1922847},
    URL = {https://doi.org/10.1080/08839514.2021.1922847},
    eprint = {https://doi.org/10.1080/08839514.2021.1922847}
}

@article{10.3389/fpsyg.2021.698490,
    author={Zhang, Yupei  and Yun, Yue  and An, Rui  and Cui, Jiaqi  and Dai, Huan  and Shang, Xuequn},
    title={Educational Data Mining Techniques for Student Performance Prediction: Method Review and Comparison Analysis},
    journal={Frontiers in Psychology},
    volume={12},
    year={2021},
    url={https://www.frontiersin.org/journals/psychology/articles/10.3389/fpsyg.2021.698490},
    doi={10.3389/fpsyg.2021.698490},
    issn={1664-1078},
}

@article{ALDOWAH201913,
    title = {Educational data mining and learning analytics for 21st century higher education: A review and synthesis},
    journal = {Telematics and Informatics},
    volume = {37},
    pages = {13-49},
    year = {2019},
    issn = {0736-5853},
    doi = {https://doi.org/10.1016/j.tele.2019.01.007},
    url = {https://www.sciencedirect.com/science/article/pii/S0736585318304234},
    author = {Hanan Aldowah and Hosam Al-Samarraie and Wan Mohamad Fauzy},
    keywords = {Data analytics, Educational data mining, Learning analytics, Higher education},
}

@article{https://doi.org/10.1155/2022/8924028,
    author = {Alwarthan, Sarah A. and Aslam, Nida and Khan, Irfan Ullah},
    title = {Predicting Student Academic Performance at Higher Education Using Data Mining: A Systematic Review},
    journal = {Applied Computational Intelligence and Soft Computing},
    volume = {2022},
    number = {1},
    pages = {8924028},
    doi = {https://doi.org/10.1155/2022/8924028},
    url = {https://onlinelibrary.wiley.com/doi/abs/10.1155/2022/8924028},
    eprint = {https://onlinelibrary.wiley.com/doi/pdf/10.1155/2022/8924028},
    year = {2022}
}

@article{
    tablegan
    , author = {
        Noseong Park
        and Mahmoud Mohammadi
        and Kshitij Gorde
        and Sushil Jajodia
        and Hongkyu Park
        and Youngmin Kim
    }
    , title = {Data Synthesis based on Generative Adversarial Networks}
    , journal = {Proceedings of the VLDB Endowment}
    , volume = {11}
    , number = {1}
    , doi = {https://doi.org/10.14778/3231751.3231757}
    , url = {https://www.vldb.org/pvldb/volumes/11/paper/Data%20Synthesis%20based%20on%20Generative%20Adversarial%20Networks}
    , year = {2018}
}

@article{DBLP:journals/corr/abs-1811-11264,
  author       = {Lei Xu and
                  Kalyan Veeramachaneni},
  title        = {Synthesizing Tabular Data using Generative Adversarial Networks},
  journal      = {CoRR},
  volume       = {abs/1811.11264},
  year         = {2018},
  url          = {http://arxiv.org/abs/1811.11264},
  eprinttype    = {arXiv},
  eprint       = {1811.11264},
  timestamp    = {Tue, 16 Mar 2021 11:58:27 +0100},
  biburl       = {https://dblp.org/rec/journals/corr/abs-1811-11264.bib},
  bibsource    = {dblp computer science bibliography, https://dblp.org}
}